% This file was created with JabRef 2.10.
% Encoding: UTF8


@Www{dreiMinuten,
  Title                    = {alpha centauri - Was geschah in den ersten drei Minuten},
  Author                   = {Bayrischer Rundfunk, Lesch},
  Date                     = {2017.04.15},
  Url                      = {http://www.ardmediathek.de/tv/alpha-Centauri/Was-geschah-in-den-ersten-drei-Minuten/ARD-alpha/Video?bcastId=14913006&documentId=22577560},

  Owner                    = {Stephan},
  Timestamp                = {2017.04.16}
}

@Www{gold,
  Title                    = {alpha centauri - Woher kommt unser Gold},
  Author                   = {Bayrischer Rundfunk, Lesch},
  Date                     = {2017.04.15},
  Url                      = {http://www.ardmediathek.de/tv/alpha-Centauri/Woher-kommt-unser-Gold/ARD-alpha/Video?bcastId=14913006&documentId=23554698},

  Owner                    = {Stephan},
  Timestamp                = {2017.04.15}
}

@Misc{kurvenkinematikQuelle,
  Title                    = {Kurvenkinematik},
  Author                   = {Stephan Morongowski},
  Date                     = {21.10.2017},
  Year                     = {2017},

  Owner                    = {Stephan},
  Timestamp                = {2017.10.21}
}

@Www{wikiAtmosphaere,
  Author                   = {Wikipedia, Entwicklung der Erdatmosphäre},
  Url                      = {https://de.wikipedia.org/wiki/Entwicklung_der_Erdatmosphäre},

  Owner                    = {Stephan},
  Timestamp                = {2017.04.16}
}

@Www{bildungAtmosphaere,
  Title                    = {Bildungsserver Erdatmosphäre},
  Date                     = {2017.05.12},
  Url                      = {http://wiki.bildungsserver.de/klimawandel/index.php/Geschichte_der_Erdatmosph%C3%A4re},

  Owner                    = {Stephan},
  Timestamp                = {2017.05.16}
}

@Www{wikiMiller,
  Title                    = {Wikipedia Miller-Experiment},
  Url                      = {https://de.wikipedia.org/wiki/Miller-Urey-Experiment},

  Owner                    = {Stephan},
  Timestamp                = {2017.05.13}
}

@Www{wikiSauerstoff,
  Title                    = {Sauerstoffkatastrophe Wikipedia},
  Url                      = {https://de.wikipedia.org/wiki/Gro%C3%9Fe_Sauerstoffkatastrophe},

  Owner                    = {Stephan},
  Timestamp                = {2017.05.13}
}

@Www{wikiSterne,
  Title                    = {Sternenentstehung Wikipedia},
  Url                      = {https://de.wikipedia.org/wiki/Sternentstehung},

  Owner                    = {Stephan},
  Timestamp                = {2017.05.13}
}

@Www{wikiUrknall,
  Title                    = {Urknall Wikipedia},
  Url                      = {https://de.wikipedia.org/wiki/Urknall},

  Owner                    = {Stephan},
  Timestamp                = {2017.05.07}
}

